@misc{ex,
    author={Rodericke Stewart},
    title={Look at me now},
    year={2033},
}
